% A
% first practical padding oracle attack
@inproceedings{vaudenay2002security,
  title={Security Flaws Induced by CBC Padding—Applications to SSL, IPSEC, WTLS...},
  author={Vaudenay, Serge},
  booktitle={Advances in Cryptology—EUROCRYPT 2002},
  pages={534--545},
  year={2002},
  organization={Springer}
}

% B
% the actual lucky thirteen paper
% C [6] has a similar multi-session attack scenario
% G [13] BEAST attack
% [28] advocates MEE-TLS-CBC (they prove it provides length hiding authenticated-encryption security), B relativizes the applicability in practice
% [30] already identified the same timing channel in TLS that B exploits, but focus on information about message lengths
@inproceedings{alfardan2013lucky,
  title={Lucky thirteen: Breaking the TLS and DTLS record protocols},
  author={AlFardan, Nadhem J and Paterson, Kenneth G},
  booktitle={IEEE Symposium on Security and Privacy},
  year={2013}
}

% C
% Multi-session attack scenario
% This overcomes the termination of TLS sessions on fatal error by transmitting the same plaintext in the same position in the cipher text
% TLS fixed this by forcing to do a MAC-check, even if padding is invalid
@incollection{canvel2003password,
  title={Password interception in a SSL/TLS channel},
  author={Canvel, Brice and Hiltgen, Alain and Vaudenay, Serge and Vuagnoux, Martin},
  booktitle={Advances in Cryptology-Crypto 2003},
  pages={583--599},
  year={2003},
  publisher={Springer}
}

% D
% TLS 1.2 RFC (5246)
@article{ietf2008transport,
  title={The Transport Layer Security (TLS) Protocol Version 1.2},
  author={IETF Network Working Group and others},
  journal={RFC5246)},
  year={2008}
}

% E
% HMAC RFC
@misc{krawczyk1997rfc,
  title={RFC 2104: HMAC: Keyed-hashing for message authentication},
  author={Krawczyk, Hugo and Bellare, Mihir and Canetti, Ran},
  year={1997},
  publisher={IETF, February}
}

% F
% TLS 1.0 RFC (2246)
@article{dierks1999rfc,
  title={Rfc 2246: The tls protocol},
  author={Dierks, Tim and Allen, Christopher},
  journal={IETF, January},
  year={1999}
}

% G
% BEAST attack paper
@article{duong2011here,
  title={Here come the $\oplus$ Ninjas},
  author={Duong, Thai and Rizzo, Juliano},
  journal={Unpublished manuscript},
  year={2011}
}

% H
% RC4 first byte heavily biased
@inproceedings{fluhrer2001weaknesses,
  title={Weaknesses in the key scheduling algorithm of RC4},
  author={Fluhrer, Scott and Mantin, Itsik and Shamir, Adi},
  booktitle={Selected areas in cryptography},
  pages={1--24},
  year={2001},
  organization={Springer}
}

% I
% Leakage of key information in first byte of RC4
@article{klein2008attacks,
  title={Attacks on the RC4 stream cipher},
  author={Klein, Andreas},
  journal={Designs, Codes and Cryptography},
  volume={48},
  number={3},
  pages={269--286},
  year={2008},
  publisher={Springer}
}

% J
% AES GCM RFC
@techreport{salowey2008aes,
  title={AES Galois Counter Mode (GCM) Cipher Suites for TLS},
  author={Salowey, J and Choudhury, A and McGrew, D},
  year={2008},
  institution={RFC 5288 (Proposed Standard)}
}










